<?xml version="1.0" encoding="UTF-8"?><record xmlns="http://www.loc.gov/MARC21/slim" xmlns:cinclude="http://apache.org/cocoon/include/1.0" xmlns:zs="http://www.loc.gov/zing/srw/">
  <leader>01235nz  a2200157n  4500</leader>
  <controlfield tag="001">no 99011539 </controlfield>
  <controlfield tag="003">DLC</controlfield>
  <controlfield tag="005">19990219052658.3</controlfield>
  <controlfield tag="008">990218n| acannaab|          |a ana     c</controlfield>
  <datafield tag="010" ind1=" " ind2=" ">
    <subfield code="a">no 99011539 </subfield>
  </datafield>
  <datafield tag="035" ind1=" " ind2=" ">
    <subfield code="a">(OCoLC)oca04923718 </subfield>
  </datafield>
  <datafield tag="040" ind1=" " ind2=" ">
    <subfield code="a">DGPO</subfield>
    <subfield code="c">DGPO</subfield>
  </datafield>
  <datafield tag="110" ind1="1" ind2="0">
    <subfield code="a">United States.</subfield>
    <subfield code="t">Departments of Veterans Affairs and Housing and Urban Development, and Independent Agencies Appropriations Act, 1999</subfield>
  </datafield>
  <datafield tag="410" ind1="1" ind2="0">
    <subfield code="a">United States.</subfield>
    <subfield code="t">Act Making Appropriations for the Departments of Veterans Affairs and Housing and Urban Development, and for Sundry Independent Agencies, Boards, Commissions, Corporations, and Offices for the Fiscal Year Ending September 30, 1999, and for Other Purposes</subfield>
  </datafield>
  <datafield tag="410" ind1="1" ind2="0">
    <subfield code="a">United States.</subfield>
    <subfield code="t">Public Law 105-276</subfield>
  </datafield>
  <datafield tag="670" ind1=" " ind2=" ">
    <subfield code="a">Its An Act Making Appropriations for the Departments of Veterans Affairs ... 1998:</subfield>
    <subfield code="b">t.p. (An Act Making Appropriations for the Departments of Veterans Affairs and Housing and Urban Development, and for Sundry Independent Agencies, Boards, Commissions, Corporations, and Offices for the Fiscal Year Ending September 30, 1999, and for Other Purposes) citation title, p. 220 (Departments of Veterans Affairs and Housing and Urban Development, and Independent Agencies Appropriations Act, 1999)</subfield>
  </datafield>
</record>